<?xml version="1.0" encoding="UTF-8"?><record xmlns="http://www.loc.gov/MARC21/slim" xmlns:cinclude="http://apache.org/cocoon/include/1.0" xmlns:zs="http://www.loc.gov/zing/srw/">
  <leader>00441nz  a2200133n  4500</leader>
  <controlfield tag="001">n  90721188 </controlfield>
  <controlfield tag="003">DLC</controlfield>
  <controlfield tag="005">19901205142833.0</controlfield>
  <controlfield tag="008">901205n| acannaab|          |n aaa |||  </controlfield>
  <datafield tag="010" ind1=" " ind2=" ">
    <subfield code="a">n  90721188 </subfield>
  </datafield>
  <datafield tag="040" ind1=" " ind2=" ">
    <subfield code="a">DLC</subfield>
    <subfield code="c">DLC</subfield>
  </datafield>
  <datafield tag="100" ind1="1" ind2="0">
    <subfield code="a">Urgart, Oskar,</subfield>
    <subfield code="d">1900-1953</subfield>
  </datafield>
  <datafield tag="670" ind1=" " ind2=" ">
    <subfield code="a">Kirjanduskriitik Oskar Urgart, 1989:</subfield>
    <subfield code="b">t.p. (Oskar Urgart)</subfield>
  </datafield>
  <datafield tag="670" ind1=" " ind2=" ">
    <subfield code="a">Eesti NoĚukogude EntsuĚklopeedia, 1968:</subfield>
    <subfield code="b">v. 8 (b. 10/19/1900 in Kahkva vallas; d. 9/10/1953 in Tallinn)</subfield>
  </datafield>
</record>